@online{Statista-chatusers,
    title = {Most popular global mobile messenger apps as of October 2019, based on number of monthly active users},
    author = {Statista},
    year = {2019},
	url = {https://www.statista.com/statistics/258749/most-popular-global-mobile-messenger-apps/},
	urldate = {2020-03-04}
}

@misc{rfc2631,
	series =	{Request for Comments},
	number =	2631,
	howpublished =	{RFC 2631},
	publisher =	{RFC Editor},
	doi =		{10.17487/RFC2631},
	url =		{https://rfc-editor.org/rfc/rfc2631.txt},
        author =	{Eric Rescorla},
	title =		{{Diffie-Hellman Key Agreement Method}},
	pagetotal =	13,
	year =		1999,
	month =		jun,
	abstract =	{This document standardizes one particular Diffie-Hellman variant, based on the ANSI X9.42 draft, developed by the ANSI X9F1 working group. {[}STANDARDS-TRACK{]}},
}


@online{whatsapp-main,
    title = {WhatsApp Features},
    author = {WhatsApp},
    year = {2020},
	url = {https://www.whatsapp.com/features/},
	urldate = {2020-03-04}
}

@online{whatsapp-security,
    title = {WhatsApp Security white paper (archived)},
    author = {WhatsApp},
    year = {2016},
	url = {https://web.archive.org/web/20160405210216/https://www.whatsapp.com/security/WhatsApp-Security-Whitepaper.pdf},
	urldate = {2020-03-04}
}

@online{fb-security,
    title = {Messenger Secret Conversations
Technical Whitepaper},
    author = {Facebook},
    year = {2017},
	url = {https://fbnewsroomus.files.wordpress.com/2016/07/messenger-secret-conversations-technical-whitepaper.pdf},
	urldate = {2020-03-07}
}


@online{fb-features,
    title = {Conversations come to life on Messenger},
    author = {Facebook},
    year = {2020},
	url = {https://www.messenger.com/features},
	urldate = {2020-03-07}
}

@misc{wechat-applestore,
    title={WeChat (Apple Store Preview)},
    author={{Tencent Technology (Shenzhen) Company Limited}},
    year={2020},
    url={https://apps.apple.com/app/id414478124},
    urldate={2020-03-07}
}



@misc{rastogi2017whatsapp,
    title={WhatsApp security and role of metadata in preserving privacy},
    author={Nidhi Rastogi and James Hendler},
    year={2017},
    eprint={1701.06817},
    archivePrefix={arXiv},
    primaryClass={cs.CR}
}

@article{whatsapp-backdoor,
 author  = {Sparrow, Andrew},
 date    = {2017-03-26},
 title   = {WhatsApp must be accessible to authorities, says Amber Rudd},
 journal = {The Guardian},
 url     = {https://www.theguardian.com/technology/2017/mar/26/intelligence-services-access-whatsapp-amber-rudd-westminster-attack-encrypted-messaging},
 urldate = {2020-03-04}
}


@article{wechat-surveillance,
 author  = {Stephen McDonell},
 date    = {2019-06-07},
 title   = {China social media: WeChat and the Surveillance State},
 journal = {BBC News, Beijing},
 url     = {https://www.bbc.co.uk/news/blogs-china-blog-48552907},
 urldate = {2020-03-07}
}


@misc{wechat-security,
 author  = {{WeChat Help Center}},
 title   = {How secure are my chat messages and conversations on WeChat? Can third-parties snoop or read my messages?},
 url     = {https://help.wechat.com/cgi-bin/micromsg-bin/oshelpcenter?opcode=2&id=1208117b2mai1410243yyqfz&lang=en&plat=2&Channel=helpcenter},
 urldate = {2020-03-07}
}


@article{metadata-collection,
 author  = {Verma, Arihant},
 date    = {2017-01-27},
 title   = {Metadata: Story Of How Whatsapp And Other Chat Apps Collect Data},
 journal = {Fossbytes},
 url     = {https://fossbytes.com/whatsapp-chats-collect-data-metadata/},
 urldate = {2020-03-06}
}


@article{fb-phone,
 author  = {Tomio Geron},
 date    = {2012-12-04},
 title   = {Facebook Messenger Takes On SMS, With No Account Needed},
 journal = {Forbes},
 url     = {https://www.forbes.com/sites/tomiogeron/2012/12/04/facebook-messenger-takes-on-sms-with-no-account-needed/#4b8d0a391777},
 urldate = {2020-03-06}
}

@article{fb-encryption,
 author  = {Parker Wilhelm },
 date    = {2016-10-04},
 title   = {Facebook Messenger flips the switch on encryption for everyone},
 journal = {Tech Radar},
 url     = {https://www.techradar.com/news/phone-and-communications/mobile-phones/now-everyone-can-encrypt-their-facebook-messenger-chats-1329928},
 urldate = {2020-03-07}
}

@online {android-market-share,
 title  = {Smartphone Market Share},
 author = {IDC},
 year = {2020},
 url = {https://www.idc.com/promo/smartphone-market-share/os},
 urldate = {2020-03-11}
}

@online {android-pie-market-share,
 title = {Android Version Market Share},
 author = {Statcounter Global Stats},
 year = {2020},
 url = {https://gs.statcounter.com/android-version-market-share/mobile-tablet/worldwide/},
 urldate = {2020-03-23}
}

@online {browser-market-share-worldwide,
 title = {Browser Market Share Worldwide},
 author = {Statcounter Global Stats},
 year = {2020},
 url = {https://gs.statcounter.com/browser-market-share},
 urldate = {2020-03-25}
} 

@online {desktop-tablet-os-market-share,
 title = {Desktop \& Tablet Operating System Market Share Worldwide},
 author = {Statcounter Global Stats},
 year = {2020},
 url = {https://gs.statcounter.com/os-market-share/desktop-tablet/worldwide/#monthly-201902-202002},
 urldate = {2020-03-25}
} 

@online {selenium-project,
 title = {The Selenium Browser Automation Project},
 author = {Selenium},
 year = {2020},
 url = {https://www.selenium.dev/documentation/en/},
 urldate = {2020-03-25}
} 

@online {automation-tools-survey,
 title = {[Infographic] Challenges in Test Automation: Survey Key Results},
 author = {Katalon},
 year = {2018},
 url = {https://www.katalon.com/resources-center/blog/infographic-challenges-test-automation/},
 urldate = {2020-03-25}
} 

@online {automation-testing,
 title = {Types Of Automation Testing And Some Misconceptions},
 author = {Software Testing Help},
 year = {2019},
 url = {https://www.softwaretestinghelp.com/automation-testing-tutorial-2/},
 urldate = {2020-03-25}
} 

@online {nodejs,
 title = {About Node.js},
 author = {Node.js},
 year = {2020},
 url = {https://nodejs.org/en/about/},
 urldate = {2020-03-29}
}

@online {non-blocking,
 title = {Overview of Blocking vs Non-Blocking},
 author = {Node.js},
 year = {2020},
 url = {https://nodejs.org/en/docs/guides/blocking-vs-non-blocking/},
 urldate = {2020-03-29}
}

@online {vue,
 title = {Introduction -- Vue.js},
 author = {Vue.js},
 year = {2020},
 url = {https://vuejs.org/v2/guide/index.html},
 urldate = {2020-03-29}
}

@online {RFC8322-e-mail,
 title = {RFC5322},
 author = {IETF},
 year = {2008},
 url = {https://tools.ietf.org/html/rfc5322},
 urldate = {2020-03-28}
}

@online {aes-cbc-patent,
 title = {AES CBC Patent},
 author = {Ehrsam, W. and Meyer, C. and Smith, J. and Tuchman, W.},
 year = {1976},
 url = {https://patents.google.com/patent/US4074066A/en},
 urldate = {2020-03-30}
}

@INPROCEEDINGS{signal_groups,
author={P. {RÃ¶sler} and C. {Mainka} and J. {Schwenk}},
booktitle={2018 IEEE European Symposium on Security and Privacy (EuroS P)}, 
title={More is Less: On the End-to-End Security of Group Chats in Signal, WhatsApp, and Threema}, 
year={2018}, 
volume={}, 
number={},
pages={415-429},
}